@misc{articulated_source,
  author = {Reid, Eric and Pérez-Grau, Arnau},
  title  = {Actively Articulated Suspension for a Wheel-on-Leg Robot},
  year   = {2019},
  url    = {https://www.semanticscholar.org/paper/Actively-articulated-suspension-for-a-wheel-on-leg-Reid-Pérez-Grau/9e65ec93b65cfda8ea5f73180371cd64dadaa77c/}
}

@misc{differential_source,
  author = {Rodshop},
  title  = {9" Diff with 4-Link Rear Suspension for XE Fords},
  year   = {2023},
  url    = {https://www.rodshop.com.au/9-diff-with-4-link-rear-suspension-for-xe-fords/}
}

@misc{leafspring_source,
  author = {Reddit User},
  title  = {How does the leaf-spring suspension account for...?},
  year   = {2022},
  url    = {https://www.reddit.com/r/MechanicalEngineering/comments/vddypo/how_does_the_leafspring_suspension_account_for/}
}

@misc{multilink_source,
  author = {Road \& Track},
  title  = {Multi-Link Suspension Explained},
  year   = {2023},
  url    = {https://www.roadandtrack.com/car-culture/a42676486/multi-link-suspension-explained/}
}

@misc{rockerbogie_source,
  author = {Jimenez, Adolfo and Smallwood, Jordan and Garcia, Miguel},
  title  = {Rocker-Bogie Suspension System},
  year   = {2018},
  url    = {https://www.arxterra.com/rocker-bogie-suspension-system/}
}

@misc{springdamper_source,
  author = {Racecar Engineering},
  title  = {Springs and Dampers},
  year   = {2019},
  url    = {https://www.racecar-engineering.com/tech-explained/springs-and-dampers/}
}

@misc{github_repository,
  author = {Francesco Pio Paradiso},
  title  = {AMR Suspension Design},
  year   = {2025},
  url    = {https://github.com/francescopioparadiso/Low-cost-heavy-duty-AMR}
}

@misc{molle_industriali_source,
  author = {Molle Industriali},
  title  = {Molle Industriali},
  year   = {2025},
  url    = {https://www.molle-industriali.it/}
}